@inproceedings{conf/iccd/KaeliA11,
  added-at = {2011-11-23T00:00:00.000+0100},
  author = {Kaeli, David R. and Akodes, David},
  biburl = {http://www.bibsonomy.org/bibtex/2b0947b2a936c5b7055713b5e17258779/dblp},
  booktitle = {ICCD},
  crossref = {conf/iccd/2011},
  ee = {http://dx.doi.org/10.1109/ICCD.2011.6081368},
  interhash = {5be2c21f68fa56ee0c4d4b285f2593a2},
  intrahash = {b0947b2a936c5b7055713b5e17258779},
  isbn = {978-1-4577-1953-0},
  keywords = {dblp},
  pages = {9-11},
  publisher = {IEEE},
  timestamp = {2011-11-23T00:00:00.000+0100},
  title = {The convergence of HPC and embedded systems in our heterogeneous computing future.},
  url = {http://dblp.uni-trier.de/db/conf/iccd/iccd2011.html#KaeliA11},
  year = 2011
}
